@BOOK{Pang2006,
	AUTHOR = {Pang, Tao},
	YEAR = {2006},
	TITLE = {An Introduction to Computational Physics},
	EDITION = {2. Aufl.},
	ISBN = {978-0-521-82569-6},
	PUBLISHER = {Cambridge University Press},
	ADDRESS = {Cambridge},
}
@BOOK{Thijssen2007,
	AUTHOR = {Thijssen, Jos},
	YEAR = {2007},
	TITLE = {Computational Physics},
	EDITION = {2. Aufl.},
	ISBN = {978-0-521-83346-2},
	PUBLISHER = {Cambridge University Press},
	ADDRESS = {Cambridge},
}